@article{kerf2020oil,
  author    = {Thomas De Kerf and others},
  title     = {Oil Spill Detection Using Machine Learning and Infrared Images},
  journal   = {Remote Sensing},
  year      = {2020},
  url       = {https://www.researchgate.net/publication/347433768_Oil_Spill_Detection_Using_Machine_Learning_and_Infrared_Images},
}

@inproceedings{andrade2021virtual,
  author    = {Fabio Augusto de Alcantara Andrade and others},
  title     = {Virtual Reality Simulation of Autonomous Solar Plants Inspections with Unmanned Aerial Systems},
  booktitle = {IEEE},
  year      = {2021},
  url       = {https://www.researchgate.net/publication/355681353_Virtual_Reality_Simulation_of_Autonomous_Solar_Plants_Inspections_with_Unmanned_Aerial_Systems},
}